@article{Crockford2008,
author = {Crockford, Douglas},
file = {:Users/wolfertdekraker/Lunatech/crockford-good-parts-ch-5.pdf:pdf},
isbn = {9780596517748},
journal = {Online},
title = {{JavaScript: the good parts}},
url = {http://dl.acm.org/citation.cfm?id=1386753},
year = {2008}
}
@article{Ni2006,
author = {Ni, L.M.},
doi = {10.1109/MDSO.2006.22},
file = {:Users/wolfertdekraker/Lunatech/Research/P. Zheng - Smart Phone and Next Generation Mobile Computing.pdf:pdf},
issn = {1541-4922},
journal = {IEEE Distributed Systems Online},
month = mar,
number = {3},
pages = {3--3},
title = {{Spotlight: The Rise of the Smart Phone}},
url = {http://ieeexplore.ieee.org/lpdocs/epic03/wrapper.htm?arnumber=1621016},
volume = {7},
year = {2006}
}
